@MANUAL{paganini,
    title = {Near Field Communication (NFC) Technology, Vulnerabilities and Principal Attack Schema},
    author = {{PAGANINI, Pierluigi}},
    year = {c2013},
    urlaccessdate = {26 mar. 2019},
    timestamp = {2019.03.26},
    url = {https://resources.infosecinstitute.com/near-field-communication-nfc-technology-vulnerabilities-and-principal-attack-schema/#gref}
}